@book{抽象代数,
    author = {郑少强, 朱富海},
    title  = {抽象代数},
    year   = {2017}
}
@book{高等代数,
    author = {王萼芳, ⽯⽣明},
    title  = {高等代数},
    year   = {2018}
}
@book{LADR,
    author = {Axler, Sheldon},
    title  = {Linear algebra done right},
    year   = {2015}
}